% -----------------------------------------------------------------------
% File: CogSci_Template.bib
% -----------------------------------------------------------------------

% Modified : Eli M. Silk (esilk at pitt.edu)            05/24/2005
% Modified : David Noelle (dnoelle at ucmerced.edu)     11/19/2014


@Article{Gershman2017,
  author =	 {S. J. Gershman},
  title =	 {Context-dependent learning and causal structure},
  journal =	 {Psychonomic Bulletin and Review},
  year =	 2017,
  volume =	 24,
  pages =	 {557--565}
}

% irrelevant

@Article{BoutonKing1983,
  author =	 {M. E. Bouton and D. A. King},
  title =	 {Contextual control of the extinction of conditioned fear: Tests for the associative value of the context},
  journal =	 {Journal of Experimental Psychology: Animal Behavior Processes},
  year =	 1983,
  volume =	 9,
  pages =	 {248--265}
}

@Article{BoutonPeck1989,
  author =	 {M. E. Bouton and C. A. Peck},
  title =	 {Context effects on conditioning, extinction, and reinstatement in an appetitive conditioning preparation},
  journal =	 {Animal Learning \& Behavior},
  year =	 1989,
  volume =	 17,
  pages =	 {188--198}
}

@article{Kaye1987,
author = {Helen   Kaye  and  G. C.   Preston  and  L.   Szabo  and  H.   Druiff  and  N. J.   Mackintosh },
title = {Context specificity of conditioning and latent inhibition: Evidence for a dissociation of latent inhibition and associative interference},
journal = {The Quarterly Journal of Experimental Psychology Section B},
volume = {39},
number = {2},
pages = {127-145},
year = {1987},
}




@Article{Lovibond1984,
  author =	 {P. F. Lovibond and G. Preston and N. Mackintosh},
  title =	 {Context specificity of conditioning, extinction, and latent inhibition},
  journal =	 {Journal of Experimental Psychology: Animal Behavior Processes},
  year =	 1984,
  volume =	 10,
  pages =	 {360-375}
}

% modulatory

@Article{BoutonSwartzentruber1986,
  author =	 {D. Swartzentruber and M. E. Bouton},
  title =	 {Analysis of the associative and occasion setting properties of contexts participating in a Pavlovian discrimination},
  journal =	 {Journal of Experimental Psychology: Animal Behavior Processes},
  year =	 1986,
  volume =	 12,
  pages =	 {333--350}
}

@Article{Grahame1990,
  author =	 {N. J. Grahame and S. C. Hallam and L. Geier and R. R. Miller},
  title =	 {Context as an occasion setter following either CS acquisition and extinction or CS acquisition alone},
  journal =	 {Learning and Motivation},
  year =	 1990,
  volume =	 21,
  pages =	 {237--265}
}

% occasion setters

@Article{BoutonBolles1993,
  author =	 {M. E. Bouton and R. Bolles},
  title =	 {Contextual control of the extinction of conditioned fear},
  journal =	 {Learning and Motivation},
  year =	 1993,
  volume =	 10,
  pages =	 {445--466}
}


@Article{Swartzentruber1995,
  author =	 {D. Swartzentruber},
  title =	 {Modulatory mechanisms in pavlovian conditioning},
  journal =	 {Animal Learning \& Behavior},
  year =	 1995,
  volume =	 23,
  pages =	 {123-143}
}

% additive

@Article{Balaz1981,
  author =	 {M. A. Balaz and S. Capra and P. Hartl and R. R. Miller},
  title =	 {Contextual potentiation of acquired behavior after devaluing direct context-US associations},
  journal =	 {Learning and Motivation},
  year =	 1981,
  volume =	 12,
  pages =	 {383--397}
}

@Article{Rescorla1984,
  author =	 {J. W. Grau and R. A. Rescorla},
  title =	 {Role of context in autoshaping},
  journal =	 {Journal of Experimental Psychology: Animal Behavior Processes},
  year =	 1984,
  volume =	 10,
  pages =	 {324--332}
}








% -----------------------------------------------------------------------
% Document End
% -----------------------------------------------------------------------
